<collection xmlns="http://www.loc.gov/MARC21/slim">
<record>
  <leader>00257na 0a22000851i 450 </leader>
  <controlfield tag="001">IT\ICCU\CNCE\074964</controlfield>
  <controlfield tag="005">20100108000000.0</controlfield>
  <datafield tag="100" ind1=" " ind2=" ">
    <subfield code="a">20100108             0itac0103    ba</subfield>
  </datafield>
  <datafield tag="200" ind1="1" ind2=" ">
    <subfield code="a">Ordine, pompa et modo successo per la venuta della santita di n.s</subfield>
  </datafield>
  <datafield tag="801" ind1=" " ind2="3">
    <subfield code="a">IT</subfield>
    <subfield code="b">ICCU</subfield>
    <subfield code="c">20201115</subfield>
  </datafield>
</record>
</collection>
